A120595               Telet S/A           001BANCO DO BRASIL     2021022800541004DEBITO AUTOMATICO                                                   0
D125812797                000100000000037469125812797                Total Registros do TRAILLER Invalido.                                           1
E100979769                1487105327        2021030500000000000000003356741747                                                                       0
Z00000400000000000000000                                                                                                                             0
